<?xml version="1.0" encoding="UTF-8"?><record xmlns="http://www.loc.gov/MARC21/slim" xmlns:cinclude="http://apache.org/cocoon/include/1.0" xmlns:zs="http://www.loc.gov/zing/srw/">
  <leader>00370cz  a2200133n  4500</leader>
  <controlfield tag="001">n 2004045257</controlfield>
  <controlfield tag="003">DLC</controlfield>
  <controlfield tag="005">20040929112548.0</controlfield>
  <controlfield tag="008">040929n| acannaabn          |a aaa      </controlfield>
  <datafield tag="010" ind1=" " ind2=" ">
    <subfield code="a">n 2004045257</subfield>
  </datafield>
  <datafield tag="040" ind1=" " ind2=" ">
    <subfield code="a">DLC</subfield>
    <subfield code="b">eng</subfield>
    <subfield code="c">DLC</subfield>
  </datafield>
  <datafield tag="100" ind1="1" ind2=" ">
    <subfield code="a">Palmer, Diana.</subfield>
    <subfield code="t">Man of ice.</subfield>
    <subfield code="l">Spanish</subfield>
  </datafield>
  <datafield tag="400" ind1="1" ind2=" ">
    <subfield code="a">Palmer, Diana.</subfield>
    <subfield code="t">Asunto de familia</subfield>
  </datafield>
  <datafield tag="670" ind1=" " ind2=" ">
    <subfield code="a">Palmer, Diana. Un Asunto de familia, 2004.</subfield>
  </datafield>
</record>